:20:STARTUMS
:25P:DE89370400440532013000
EUR
:28C:00001/001
:60F:C240101EUR10000,00
:61:2401040104C800,00NTRFNONREF//REF0001
:86:?20Miete Januar 2024?21Whg 3 OG links?30COBADEFFXXX?31DE75512108001245126199?32Max Mustermann
:61:2401050105C150,00NTRFNONREF//REF0002
:86:?20NK Vorauszahlung Jan?21Wohnnebenkosten?30COBADEFFXXX?31DE75512108001245126199?32Max Mustermann
:61:2401050105D45,23NTRFNONREF//REF0003
:86:Rundfunkbeitrag
:62F:C240131EUR10904,77
